%% This BibTeX bibliography file was created using BibDesk.
%% https://bibdesk.sourceforge.io/

%% Created for mhamilt7 at 2019-04-01 15:01:02 +0100 


%% Saved with string encoding Unicode (UTF-8) 



@book{my_cite_ref,
	Address = {Harlow},
	Author = {F. Scott Fitzgerald},
	Date-Modified = {2019-04-01 14:57:45 +0100},
	Isbn = {0582419271},
	Keywords = {Readers},
	Language = {eng},
	Publisher = {Pearson Education},
	Series = {Penguin readers. Level 5},
	Title = {The Great Gatsby},
	Year = {1925}}
